@book{book:EisbergResnick,
author = {Eisberg, Robert Martin},
title = {Quantum physics of atoms, molecules, solids, nuclei, and particles / Robert Eisberg, Robert Resnick, assisted by David O. Caldwell, J. Richard Christman. 2nd ed. New York : Wiley, c1985.
     1 v. (various pagings) : ill. ; 27 cm.
     QC174.12 .E34 1985
     ISBN: 047187373X}
}     
    
@book{book:Sharkov,
author = {Sharkov, Eugene A.},
title = {Passive Microwave Remote Sensing of the Earth, Physical Foundations, Springer-Verlag Berlin Heidelberg.}
}


@book{book:Gasiorowicz,
author = {Gasiorowicz, S.},
title = {Quantum Physics, John Wiley \& Sons, 2003.}
}

@book{book:Jammer,
author = {Jammer, Max},
title={The Conceptual Development of Quantum Mechanics, McGraw-Hill, New York, 1956.}
}

@article{Kirchhoff1859,
author = {Gustav Robert Kirchhoff},
title = {"Uber den Zusammenhang zwischen Emission und Absorption von Licht und Warme," Monatsberichte der Akademie der Wissenschaften zu Berlin 1859 (December), pp. 783-787; reprinted in G. Kirchhoff, Gesammelte Abhandlungen (Leipzig, 1882), pp. 566-571, and in Ostwald's Klassiker der exakten Wissenschaften No. 100 (Akademische Verlagsgesellschaft, Leipzig, 1889), pp. 6-10.}
}


@article{codata:stefan_boltzman,
author = {CODATA},
title = {``CODATA Value: Stefan-Boltzmann constant". The NIST Reference on Constants, Units, and Uncertainty. US National Institute of Standards and Technology. June 2015. Retrieved 2015-09-25. 2014 CODATA recommended values.}
}

@book{book:KraneS,
author = {Krane, S.},
title={Modern Physics.}
}

@article{Thomson1906,
author = {Thomson, J. J.},
title = {Conduction of Electricity through Gases (2d ed., Cambridge 
University Press, 1906), pp. 321-330 
(theory of the secondary radiation).}
}

@book{book:FrenchAP,
author = {French, A. P. and Taylor, E. F.},
title={An Introduction to Quantum Physics, M.I.T. Introductory Physics Series, 1978}
}

@misc{web:wiki_davisson_germer1,
    author = {Wikipedia contributors},
    title = {Davisson–Germer experiment},
    year = {2018},
    url = {https://en.wikipedia.org/wiki/Davisson%E2%80%93Germer_experiment},
    howpublished = {\url{https://en.wikipedia.org/wiki/Davisson-Germer_experiment}},
    note = {[Online; accessed 6-October-2018]}
}

@misc{web:wiki_double_slit_experiment,
    author = {Wikipedia contributors},
    title = {Double-slit experiment},
    year = {2018},
    url = {https://en.wikipedia.org/wiki/Double-slit_experiment},
    howpublished = {\url{https://en.wikipedia.org/wiki/Double-slit_experiment}},
    note = {[Online; accessed 6-October-2018]}
}

@misc{web:wiki_Hydrogen_spectral_series,
    author = {Wikipedia contributors},
    title = {Hydrogen spectral series},
    year = {2019},
    url = {https://en.wikipedia.org/wiki/Hydrogen_spectral_series},
    howpublished = {\url{https://en.wikipedia.org/wiki/Hydrogen_spectral_series}},
    note = {[Online; accessed 27-September-2019]}
}


@misc{web:hyperphysics_compton,
	author = {HyperPhysics},
	title = {Compton scattering experiment},
	year = {2019},
 	howpublished = {\url{http://hyperphysics.phy-astr.gsu.edu/hbase/quantum/compdat.html}},
	note = {[Online; accessed 22-September-2019]}
}  

  
@misc{web:hyperphysics_davisson_germer1,
    author = {HyperPhysics},
    title = {Davisson–Germer Experiment},
    year = {2018},
    howpublished = {\url{http://hyperphysics.phy-astr.gsu.edu/hbase/quantum/DavGer2.html}},
    note = {[Online; accessed 6-October-2018]}
}  

@misc{web:rutherford_bohr_atom,
    author = {AIP},
    title = {Alpha Particles and the Atom},
    year = {2018},
    url = {https://history.aip.org/exhibits/rutherford/sections/alpha-particles-atom.html},
    note = {[Online; accessed 8-October-2018]}
}  

@article{DavissonGermer,
author = {Davisson, C. J., and Germer, L. H.},
title = {“Reflection of Electrons by a Crystal of Nickel.” Proceedings of the National Academy of Sciences of the United States of America 14.4 (1928): 317–322.}
}

@book{book:Ficek,
author = {Zbigniew Ficek},
title={Quantum Physics for Beginners}
}

@book{book:Towsend,
author = {Towsend John S.},
title={Quantum Physics: A Fundamental Approach to Modern Physics, 2010}
}

@book{book:Greenberger,
author = {Greenberger, D. and Hentschel, K. and Weiner, F.},
title={Compendium of Quantum Physics, 2009.}
doi = {https://doi.org/10.1007/978-3-540-70626-7}
}

@article{Compton1923,
	title = {A Quantum Theory of the Scattering of X-rays by Light Elements},
	author = {Compton, Arthur H.},
	journal = {Phys. Rev.},
	volume = {21},
	issue = {5},
	pages = {483--502},
	numpages = {0},
	year = {1923},
	month = {May},
	publisher = {American Physical Society},
	doi = {10.1103/PhysRev.21.483},
	url = {https://link.aps.org/doi/10.1103/PhysRev.21.483},
    howpublished ={\url{https://doi.org/10.1103/PhysRev.21.483}}
}
